

@article{vrandecic2014wikidata,
	Acmid = {2629489},
	Address = {New York, NY, USA},
	Author = {Vrande\v{c}i\'{c}, Denny and Kr\"{o}tzsch, Markus},
	Doi = {10.1145/2629489},
	Issn = {0001-0782},
	Issue_Date = {October 2014},
	Journal = {Commun. ACM},
	Month = sep,
	Number = {10},
	Numpages = {8},
	Pages = {78--85},
	Publisher = {ACM},
	Title = {{Wikidata: A Free Collaborative Knowledgebase}},
	Url = {http://doi.acm.org/10.1145/2629489},
	Volume = {57},
	Year = {2014},
	Bdsk-Url-1 = {http://doi.acm.org/10.1145/2629489},
	Bdsk-Url-2 = {http://dx.doi.org/10.1145/2629489}}

@misc{lathuiliere2016wikidatasdk,
	Author = {Maxime Lathuili√®re},
	Note = {\url{https://github.com/maxlath/wikidata-sdk} (2016-02-08)},
	Title = {{Wikidata SDK}},
	Year = 2016}

@techreport{cyganiak2014rdf,
	Author = {Cyganiak, Richard and Wood, David and Lanthaler, Markus},
	Institution = {W3C},
	Month = feb,
	Title = {{RDF 1.1 Concepts and Abstract Syntax}},
	Type = {Recommendation},
	Year = {2014}}

@techreport{olsen2013teaching,
	Author = {Olsen, Timothy and Moser, Kathleen},
	Institution = {SIGED: IAIM Conference},
	Month = feb,
	Title = {{Teaching Web APIs in Introductory and Programming Classes: Why and How}},
	Type = {Paper~16},
	Year = {2013}}

@incollection{han2008rdf123,
	Author = {Han, Lushan and Finin, Tim and Parr, Cynthia and Sachs, Joel and Joshi, Anupam},
	Booktitle = {The Semantic Web -- ISWC 2008},
	Doi = {10.1007/978-3-540-88564-1_29},
	Isbn = {978-3-540-88563-4},
	Keywords = {RDF; Spreadsheets; Web services; Data interoperability},
	Language = {English},
	Pages = {451--466},
	Publisher = {Springer},
	Series = {LNCS},
	Title = {{RDF123: From Spreadsheets to RDF}},
	Url = {http://dx.doi.org/10.1007/978-3-540-88564-1_29},
	Volume = {5318},
	Year = {2008},
	Bdsk-Url-1 = {http://dx.doi.org/10.1007/978-3-540-88564-1_29}}

@inproceedings{abramson2001supercomputing,
	Address = {San Diego, USA},
	Author = {David Abramson and Lew Kotler and Dinelli Mather and Paul Roe},
	Booktitle = {{Proceedings of the High Performance Computing Symposium -- HPC 2001}},
	Editor = {U Seattle},
	Pages = {110--115},
	Title = {{ActiveSheets: Super-Computing with Spreadsheets}},
	Url = {http://eprints.qut.edu.au/25402/},
	Year = {2001},
	Bdsk-Url-1 = {http://eprints.qut.edu.au/25402/}}

@book{gabet2014google,
	Author = {Gabet, S.},
	Isbn = {9781783552184},
	Publisher = {Packt Publishing},
	Title = {Google Apps Script for Beginners},
	Url = {https://books.google.de/books?id=zDfoAgAAQBAJ},
	Year = {2014},
	Bdsk-Url-1 = {https://books.google.de/books?id=zDfoAgAAQBAJ}}

@misc{patel2014spreadsheet,
	Author = {Patel, K.R. and Prish, S. and Sadhu, S. and Bizek, L.W. and Pan, X.},
	Month = may # {~15},
	Note = {US Patent App. 13/672,704},
	Publisher = {Google Patents},
	Title = {{Spreadsheet Functions to Call REST API Sources}},
	Url = {https://www.google.com/patents/US20140136936},
	Year = {2014},
	Bdsk-Url-1 = {https://www.google.com/patents/US20140136936}}

@misc{singhal2012,
	Author = {Amit Singhal},
	Month = may,
	Note = {\url{http://googleblog.blogspot.com/2012/05/introducing-knowledge-graph-things-not.html}},
	Title = {{``Introducing the Knowledge Graph: things, not strings'', Official Google Blog}},
	Year = 2012}

@book{ferreira2014google,
	Author = {Ferreira, J.},
	Isbn = {9781491946145},
	Lccn = {2014466577},
	Publisher = {O'Reilly Media},
	Title = {Google Apps Script: Web Application Development Essentials},
	Url = {https://books.google.de/books?id=b0QoAwAAQBAJ},
	Year = {2014},
	Bdsk-Url-1 = {https://books.google.de/books?id=b0QoAwAAQBAJ}}

@article{milne2013toolkit,
	Acmid = {2405918},
	Address = {Essex, UK},
	Author = {Milne, David and Witten, Ian H.},
	Doi = {10.1016/j.artint.2012.06.007},
	Issn = {0004-3702},
	Issue_Date = {January, 2013},
	Journal = {Artificial Intelligence},
	Keywords = {Annotation, Disambiguation, Ontology extraction, Semantic relatedness, Toolkit, Wikipedia},
	Month = jan,
	Numpages = {18},
	Pages = {222--239},
	Publisher = {Elsevier Science Publishers Ltd.},
	Title = {{An Open-Source Toolkit for Mining Wikipedia}},
	Url = {http://dx.doi.org/10.1016/j.artint.2012.06.007},
	Volume = {194},
	Year = {2013},
	Bdsk-Url-1 = {http://dx.doi.org/10.1016/j.artint.2012.06.007}}
